@misc{dong2019evading,
  title         = {Evading Defenses to Transferable Adversarial Examples by Translation-Invariant Attacks},
  author        = {Yinpeng Dong and Tianyu Pang and Hang Su and Jun Zhu},
  year          = {2019},
  eprint        = {1904.02884},
  archiveprefix = {arXiv},
  primaryclass  = {cs.CV}
}